<record><leader>00000cas a2200000 a 4500</leader><controlfield tag="001">43780778</controlfield><controlfield tag="008">000405c19uu9999flumn ne      0    0eng c</controlfield><datafield ind1=" " ind2=" " tag="010"><subfield code="a">sn 00063014 </subfield></datafield><datafield ind1=" " ind2=" " tag="040"><subfield code="a">NYS</subfield><subfield code="b">eng</subfield><subfield code="c">NYS</subfield><subfield code="d">OCLCQ</subfield><subfield code="d">OCLCF</subfield><subfield code="d">OCLCO</subfield></datafield><datafield ind1="1" ind2=" " tag="029"><subfield code="a">AU@</subfield><subfield code="b">000021486312</subfield></datafield><datafield ind1=" " ind2=" " tag="037"><subfield code="b">74 King St, PO Box 1027, St Augustine, FL 32085-1027</subfield><subfield code="c">$15.00</subfield></datafield><datafield ind1=" " ind2=" " tag="042"><subfield code="a">pcc</subfield></datafield><datafield ind1=" " ind2=" " tag="043"><subfield code="a">n-us-fl</subfield></datafield><datafield ind1="0" ind2=" " tag="130"><subfield code="a">Gargoyle (Saint Augustine, Fla.)</subfield></datafield><datafield ind1="1" ind2="4" tag="245"><subfield code="a">The gargoyle.</subfield></datafield><datafield ind1="1" ind2="3" tag="246"><subfield code="a">Flagler College gargoyle</subfield></datafield><datafield ind1=" " ind2=" " tag="260"><subfield code="a">St. Augustine, Fla. :</subfield><subfield code="b">[Students of Flagler College]</subfield></datafield><datafield ind1=" " ind2=" " tag="300"><subfield code="a">v. :</subfield><subfield code="b">ill. ;</subfield><subfield code="c">36 cm.</subfield></datafield><datafield ind1=" " ind2=" " tag="310"><subfield code="a">Monthly (during the school year)</subfield></datafield><datafield ind1=" " ind2=" " tag="588"><subfield code="a">Description based on: Vol. 29, no. 7 (Mar. 15, 2000).</subfield></datafield><datafield ind1="2" ind2="0" tag="610"><subfield code="a">Flagler College</subfield><subfield code="x">Students.</subfield></datafield><datafield ind1=" " ind2="0" tag="651"><subfield code="a">Saint Augustine (Fla.)</subfield><subfield code="v">Newspapers.</subfield></datafield><datafield ind1=" " ind2="0" tag="651"><subfield code="a">Saint Johns County (Fla.)</subfield><subfield code="v">Newspapers.</subfield></datafield><datafield ind1=" " ind2="7" tag="655"><subfield code="a">Newspapers.</subfield><subfield code="2">fast</subfield><subfield code="0">(OCoLC)fst01423814</subfield></datafield><datafield ind1="2" ind2="7" tag="610"><subfield code="a">Flagler College.</subfield><subfield code="2">fast</subfield><subfield code="0">(OCoLC)fst00710775</subfield></datafield><datafield ind1=" " ind2="7" tag="650"><subfield code="a">Students.</subfield><subfield code="2">fast</subfield><subfield code="0">(OCoLC)fst01136041</subfield></datafield><datafield ind1=" " ind2="7" tag="651"><subfield code="a">Florida</subfield><subfield code="z">Saint Augustine.</subfield><subfield code="2">fast</subfield><subfield code="0">(OCoLC)fst01206165</subfield></datafield><datafield ind1=" " ind2="7" tag="651"><subfield code="a">Florida</subfield><subfield code="z">Saint Johns County.</subfield><subfield code="2">fast</subfield><subfield code="0">(OCoLC)fst01206166</subfield></datafield><datafield ind1=" " ind2=" " tag="752"><subfield code="a">United States</subfield><subfield code="b">Florida</subfield><subfield code="c">Saint Johns</subfield><subfield code="d">Saint Augustine.</subfield></datafield></record>